@mastersthesis{botagent,
  author = "Herrera Planells, Javier",
  title = "Design and implementation of a personal Agent Architecture based on Bot technologies and Information Retrieval",
  school = "UPM",
  year = "2013",
  month = "Diciembre",
  type = "PFC"
}
